% This file was created with JabRef 2.10.
% Encoding: UTF-8


@Article{artmann69,
  Title                    = {Hjelmslev-{E}benen mit verfeinerten
 {N}achbarschaftsrelationen},
  Author                   = {Artmann, Benno},
  Journal                  = {Math. Z.},
  Year                     = {1969},
  Pages                    = {163--180},
  Volume                   = {112}
}

@Article{bacon78,
  Title                    = {Desarguesian {K}lingenberg planes},
  Author                   = {Bacon, P. Y.},
  Journal                  = {Trans. Amer. Math. Soc.},
  Year                     = {1978},
  Volume                   = {241}
}

@Unpublished{badcaplec16,
  Title                    = {On the linearity of lattices in affine buildings and ergodicity of the singular {C}artan flow},
  Author                   = {Bader, Uri and Caprace, Pierre-Emmanuel and Lécureux, Jean},
  Note                     = {arXiv:1608.06265, Preprint}
}

@Article{baklanlor91,
  Title                    = {A coordinatization for {M}oufang {K}lingenberg planes},
  Author                   = {Baker, Catharine A. and Lane, Norman D. and Lorimer, J.
 W.},
  Journal                  = {Simon Stevin},
  Year                     = {1991},
  Number                   = {1-2},
  Pages                    = {3--22},
  Volume                   = {65}
}

@Article{berman53,
  Title                    = {Finite projective plane geometries and difference sets},
  Author                   = {Berman, Gerald},
  Journal                  = {Trans. Amer. Math. Soc.},
  Year                     = {1953},
  Pages                    = {492--499},
  Volume                   = {74}
}

@Book{bourbaki_alg_comm_3-4fr,
  Title                    = {\'{E}l\'ements de math\'ematique. {A}lg\`ebre commutative.
 {C}hapitres 3 et 4},
  Author                   = {Bourbaki, N.},
  Publisher                = {Hermann, Paris},
  Year                     = {1961},
  Series                   = {Actualit\'es Scientifiques et Industrielles, No. 1293}
}

@Book{braholron13,
  Title                    = {The maximal subgroups of the low-dimensional finite classical
 groups},
  Author                   = {Bray, John N. and Holt, Derek F. and Roney-Dougal, Colva M.},
  Publisher                = {Cambridge University Press, Cambridge},
  Year                     = {2013},
  Note                     = {With a foreword by Martin Liebeck},
  Series                   = {London Mathematical Society Lecture Note Series},
  Volume                   = {407},

  Pages                    = {xiv+438}
}

@Book{brihae,
  Title                    = {Metric spaces of non-positive curvature},
  Author                   = {Bridson, Martin R. and Haefliger, André},
  Publisher                = {Springer},
  Year                     = {1999},
  Series                   = {Die Grundlehren der Mathematischen Wissenschaften},
  Volume                   = {319},

  Owner                    = {switzel},
  Timestamp                = {2008.12.17}
}

@Article{brutit72,
  Title                    = {Groupes réductifs sur un corps local: {I}. {D}onées
 radicielles valuées},
  Author                   = {Bruhat, François and Tits, Jacques},
  Journal                  = {Inst.\ Hautes Études Sci.\ Publ.\ Math.},
  Year                     = {1972},
  Pages                    = {5--251},
  Volume                   = {41}
}

@Unpublished{caprumtho12,
  Title                    = {Cocompact lattices on $\tilde{A}_n$ buildings},
  Author                   = {Capdeboscq, Inna and Rumynin, Dmitriy and Thomas, Anne},
  Note                     = {arXiv:1206.5356, Preprint}
}

@Article{capmon09b,
  Title                    = {Isometry groups of non-positively curved spaces: discrete subgroups},
  Author                   = {Caprace, Pierre-Emmanuel and Monod, Nicolas},
  Journal                  = {J.\ Topol.},
  Year                     = {2009},
  Number                   = {4},
  Pages                    = {701--746},
  Volume                   = {2},

  Doi                      = {10.1112/jtopol/jtp027},
  Fjournal                 = {Journal of Topology},
  ISSN                     = {1753-8416},
  Url                      = {http://dx.doi.org/10.1112/jtopol/jtp027}
}

@Article{carmanstezap93a,
  Title                    = {Groups acting simply transitively on the vertices of a building of type {$\tilde{A}_2$}. {I}},
  Author                   = {Cartwright, Donald I. and Mantero, Anna Maria and Steger, Tim and Zappa, Anna},
  Journal                  = {Geom. Dedicata},
  Year                     = {1993},
  Number                   = {2},
  Pages                    = {143--166},
  Volume                   = {47}
}

@Article{carste98,
  Title                    = {A family of {$\tilde{A}_n$}-groups},
  Author                   = {Cartwright, Donald I. and Steger, Tim},
  Journal                  = {Israel J. Math.},
  Year                     = {1998},
  Pages                    = {125--140},
  Volume                   = {103}
}

@Book{cassels,
  Title                    = {Local Fields},
  Author                   = {Cassels, J.W.S.},
  Publisher                = {Cambridge University Press},
  Year                     = {1986},
  Series                   = {London Mathematical Society Student Texts},
  Volume                   = {3}
}

@Misc{singular,
  Title                    = {{\sc Singular} {3-1-6} --- {A} computer algebra system for polynomial computations},

  Author                   = {Decker, Wolfram and Greuel, Gert-Martin and Pfister, Gerhard and Sch\"onemann, Hans},
  HowPublished             = {\url{http://www.singular.uni-kl.de}},
  Year                     = {2012}
}

@Book{dembowski68,
  Title                    = {Finite geometries},
  Author                   = {Dembowski, P.},
  Publisher                = {Springer},
  Year                     = {1968},
  Series                   = {Ergebnisse der Mathematik und ihrer Grenzgebiete},
  Volume                   = {44}
}

@Article{ellkar64,
  Title                    = {Endliche {I}nzidenzgruppen},
  Author                   = {Ellers, Erich and Karzel, Helmut},
  Journal                  = {Abh. Math. Sem. Univ. Hamburg},
  Year                     = {1964},
  Pages                    = {250--264},
  Volume                   = {27}
}

@Article{essert13,
  Title                    = {A geometric construction of panel-regular lattices for
 buildings of types {$\tilde{A}_2$} and {$\tilde{C}_2$}},
  Author                   = {Essert, Jan},
  Journal                  = {Algebr. Geom. Topol.},
  Year                     = {2013},
  Number                   = {3},
  Pages                    = {1531--1578},
  Volume                   = {13},

  Doi                      = {10.2140/agt.2013.13.1531},
  Url                      = {http://dx.doi.org/10.2140/agt.2013.13.1531}
}

@Article{hanvma89,
  Title                    = {On projective {H}jelmslev planes of level {$n$}},
  Author                   = {Hanssens, Guy and Van Maldeghem, Hendrik},
  Journal                  = {Glasgow Math. J.},
  Year                     = {1989},
  Number                   = {3},
  Pages                    = {257--261},
  Volume                   = {31}
}

@Book{higgins71,
  Title                    = {Notes on categories and groupoids},
  Author                   = {Higgins, Philip J.},
  Publisher                = {Van Nostrand Reinhold Co., London-New York-Melbourne},
  Year                     = {1971},
  Note                     = {Van Nostrand Rienhold Mathematical Studies, No. 32}
}

@Book{huppert67,
  Title                    = {Endliche {G}ruppen. {I}},
  Author                   = {Huppert, B.},
  Publisher                = {Springer-Verlag, Berlin-New York},
  Year                     = {1967},
  Series                   = {Die Grundlehren der Mathematischen Wissenschaften, Band 134},

  Pages                    = {xii+793}
}

@Article{iwasawa55,
  Title                    = {On {G}alois groups of local fields},
  Author                   = {Iwasawa, Kenkichi},
  Journal                  = {Trans. Amer. Math. Soc.},
  Year                     = {1955},
  Pages                    = {448--469},
  Volume                   = {80}
}

@Article{koemeiwes84a,
  Title                    = {Triangle groups},
  Author                   = {K{\"o}hler, Peter and Meixner, Thomas and Wester, Michael},
  Journal                  = {Comm. Algebra},
  Year                     = {1984},
  Number                   = {13-14},
  Pages                    = {1595--1625},
  Volume                   = {12},

  Coden                    = {COALDM},
  Doi                      = {10.1080/00927878408823069},
  Fjournal                 = {Communications in Algebra},
  ISSN                     = {0092-7872},
  Owner                    = {switz_01},
  Timestamp                = {2013.02.05},
  Url                      = {http://dx.doi.org/10.1080/00927878408823069}
}

@InCollection{kantor86,
  Title                    = {Generalized polygons, {SCAB}s and {GAB}s},
  Author                   = {Kantor, William M.},
  Booktitle                = {Buildings and the geometry of diagrams ({C}omo, 1984)},
  Publisher                = {Springer, Berlin},
  Year                     = {1986},
  Pages                    = {79--158},
  Series                   = {Lecture Notes in Math.},
  Volume                   = {1181}
}

@Article{kantor80,
  Title                    = {Linear groups containing a {S}inger cycle},
  Author                   = {Kantor, William M.},
  Journal                  = {J. Algebra},
  Year                     = {1980},
  Number                   = {1},
  Pages                    = {232--234},
  Volume                   = {62}
}

@Article{klelee97,
  Title                    = {Rigidity of quasi-isometries for symmetric spaces and {E}uclidean buildings},
  Author                   = {Kleiner, Bruce and Leeb, Bernhard},
  Journal                  = {Publ.\ Math.\ Inst.\ Hautes Études Sci.},
  Year                     = {1997},
  Pages                    = {115--197},
  Volume                   = {86}
}

@Article{klingenberg55,
  Title                    = {Desarguessche {E}benen mit {N}achbarelementen},
  Author                   = {Klingenberg, Wilhelm},
  Journal                  = {Abh. Math. Sem. Univ. Hamburg},
  Year                     = {1955},
  Pages                    = {97--111},
  Volume                   = {20}
}

@Article{krawei14,
  Title                    = {Coarse equivalences of {E}uclidean buildings},
  Author                   = {Kramer, Linus and Weiss, Richard M.},
  Journal                  = {Adv. Math.},
  Year                     = {2014},
  Note                     = {With an appendix by Jeroen Schillewaert and Koen Struyve},
  Pages                    = {1--49},
  Volume                   = {253}
}

@Book{margulis,
  Title                    = {Discrete Subgroups of Semisimple {L}ie Groups},
  Author                   = {Margulis, Grigori Alexandrowitsch},
  Publisher                = {Springer},
  Year                     = {1991},
  Series                   = {Ergebnisse der Mathematik und ihrer Grenzgebiete, 3.\ Folge},
  Volume                   = {17}
}

@Article{nauty,
  Title                    = {Practical graph isomorphism, \{II\} },
  Author                   = {Brendan D. McKay and Adolfo Piperno},
  Journal                  = {Journal of Symbolic Computation },
  Year                     = {2014},
  Number                   = {0},
  Pages                    = {94 - 112},
  Volume                   = {60},

  ISSN                     = {0747-7171}
}

@Article{mitchell11,
  Title                    = {Determination of the ordinary and modular ternary linear
 groups},
  Author                   = {Mitchell, Howard H.},
  Journal                  = {Trans. Amer. Math. Soc.},
  Year                     = {1911},
  Number                   = {2},
  Pages                    = {207--242},
  Volume                   = {12}
}

@Book{neukirch99,
  Title                    = {Algebraic number theory},
  Author                   = {Neukirch, J{\"u}rgen},
  Publisher                = {Springer},
  Year                     = {1999},
  Series                   = {Grundlehren der Mathematischen Wissenschaften [Fundamental
 Principles of Mathematical Sciences]},
  Volume                   = {322}
}

@Article{ott75,
  Title                    = {Endliche zyklische {E}benen},
  Author                   = {Ott, Udo},
  Journal                  = {Math. Z.},
  Year                     = {1975},
  Number                   = {3},
  Pages                    = {195--215},
  Volume                   = {144}
}

@Book{ronan,
  Title                    = {Lectures on Buildings},
  Author                   = {Ronan, Mark A.},
  Publisher                = {Academic Press},
  Year                     = {1989},
  Series                   = {Perspectives in Mathematics},
  Volume                   = {7},

  Owner                    = {switzel},
  Timestamp                = {2008.11.17}
}

@Article{ronan84,
  Title                    = {Triangle geometries},
  Author                   = {Ronan, Mark A.},
  Journal                  = {J. Combin. Theory Ser. A},
  Year                     = {1984},
  Number                   = {3},
  Pages                    = {294--319},
  Volume                   = {37},

  Coden                    = {JCBTA7},
  Doi                      = {10.1016/0097-3165(84)90051-7},
  Fjournal                 = {Journal of Combinatorial Theory. Series A},
  ISSN                     = {0097-3165},
  Owner                    = {switz_01},
  Timestamp                = {2013.02.05},
  Url                      = {http://dx.doi.org/10.1016/0097-3165(84)90051-7}
}

@Article{schilling44,
  Title                    = {Automorphisms of fields of formal power series},
  Author                   = {Schilling, O. F. G.},
  Journal                  = {Bull. Amer. Math. Soc.},
  Year                     = {1944},
  Pages                    = {892--901},
  Volume                   = {50}
}

@Article{singer38,
  Title                    = {A theorem in finite projective geometry and some
 applications to number theory},
  Author                   = {Singer, James},
  Journal                  = {Trans. Amer. Math. Soc.},
  Year                     = {1938},
  Number                   = {3},
  Pages                    = {377--385},
  Volume                   = {43}
}

@InProceedings{grape,
  Title                    = {{GRAPE}: a system for computing with graphs and groups},
  Author                   = {Soicher, Leonard H.},
  Booktitle                = {Topics in Algebraic Graph Theory},
  Year                     = {1993},
  Editor                   = {Finkelstein, Larry and Kantor, William M.},
  Pages                    = {287--291},
  Publisher                = {American Mathematical Society},
  Series                   = {DIMACS Series in Discrete Mathematics and Theoretical Computer Science},
  Volume                   = {11},

  Url                      = {\verb+(http://www.maths.qmul.ac.uk/~leonard/grape/)+}
}

@Article{timmesfeld89,
  Title                    = {Classical locally finite {T}its chamber systems of rank {$3$}},
  Author                   = {Timmesfeld, F. G.},
  Journal                  = {J. Algebra},
  Year                     = {1989},
  Number                   = {1},
  Pages                    = {9--59},
  Volume                   = {124}
}

@Article{tits85,
  Title                    = {Résumé de cours: Immeubles affines, groupes arithmétiques et géométries finies},
  Author                   = {Tits, Jacques},
  Journal                  = {Annuaire du Collège de France},
  Year                     = {1984--1985},
  Pages                    = {93--110}
}

@InCollection{tits90b,
  Title                    = {Spheres of radius {$2$} in triangle buildings. {I}},
  Author                   = {Tits, Jacques},
  Booktitle                = {Finite geometries, buildings, and related topics
 ({P}ingree {P}ark, {CO}, 1988)},
  Publisher                = {Oxford Univ. Press},
  Year                     = {1990},

  Address                  = {New York},
  Pages                    = {17--28},
  Series                   = {Oxford Sci. Publ.},

  Owner                    = {switz_01},
  Timestamp                = {2013.02.05}
}

@InProceedings{tits86b,
  Title                    = {Buildings and group amalgamations},
  Author                   = {Tits, Jacques},
  Booktitle                = {Proceedings of groups---{S}t.\ {A}ndrews 1985},
  Year                     = {1986},

  Address                  = {Cambridge},
  Pages                    = {110--127},
  Publisher                = {Cambridge Univ. Press},
  Series                   = {London Math. Soc. Lecture Note Ser.},
  Volume                   = {121}
}

@Conference{tits81,
  Title                    = {A Local Approach to Buildings},
  Author                   = {Tits, Jacques},
  Booktitle                = {The geometric vein: The Coxeter Festschrift},
  Year                     = {1981},
  Pages                    = {519--547},
  Publisher                = {Springer},

  Owner                    = {switzel},
  Timestamp                = {2008.09.09}
}

@Article{vanmaldeghem87,
  Title                    = {Nonclassical triangle buildings},
  Author                   = {Van Maldeghem, H.},
  Journal                  = {Geom. Dedicata},
  Year                     = {1987},
  Number                   = {2},
  Pages                    = {123--206},
  Volume                   = {24}
}

@Article{vanmaldeghem88,
  Title                    = {Valuations on {PTR}s induced by triangle buildings},
  Author                   = {Van Maldeghem, Hendrik J.},
  Journal                  = {Geom. Dedicata},
  Year                     = {1988},
  Number                   = {1},
  Pages                    = {29--84},
  Volume                   = {26}
}

@Article{wagner74,
  Title                    = {Automorphisms of {$p$}-adic number fields},
  Author                   = {Wagner, C. G.},
  Journal                  = {Amer. Math. Monthly},
  Year                     = {1974},
  Pages                    = {51--52},
  Volume                   = {81}
}

@Book{weiss09,
  Title                    = {The Structure of Affine Buildings},
  Author                   = {Weiss, Richard},
  Publisher                = {Princeton University Press},
  Year                     = {2009},
  Series                   = {Annals of Mathematics Studies},
  Volume                   = {168}
}

@Unpublished{witzel,
  Title                    = {On panel-regular $\tilde{A}_2$ lattices},
  Author                   = {Stefan Witzel},
  Note                     = {arXiv:1608.07141},

  Owner                    = {switzel},
  Timestamp                = {2017.03.23}
}

@Manual{github_sl,
  Title                    = {Singer lattice {G}it{H}ub repository},
  Author                   = {Stefan Witzel},
  Note                     = {\verb+(https://github.com/switzel/singer_lattice)+},
  Year                     = {2016}
}

@Book{zarsam75,
  Title                    = {Commutative algebra. {V}ol. 1},
  Author                   = {Zariski, Oscar and Samuel, Pierre},
  Publisher                = {Springer},
  Year                     = {1975}
}

@Manual{sage,
  Title                    = {Sage},
  Note                     = {http://www.sagemath.org/},

  Key                      = {Sage},
  Url                      = {\verb+(http://www.sagemath.org/)+}
}

@Manual{gap,
  Title                    = {{GAP} -- {G}roups, Algorithms, and Programming},
  Note                     = {http://www.gap-system.org/},
  Organization             = {The GAP~Group},
  Year                     = {2012},

  Key                      = {GAP},
  Owner                    = {switz_01},
  Timestamp                = {2013.01.11},
  Url                      = {\verb+(http://www.gap-system.org)+}
}

@Manual{oeis,
  Title                    = {The On-Line Encyclopedia of Integer Sequences},
  Note                     = {http://oeis.org},
  Organization             = {Sloane, N.J.A.},
  Year                     = {2010}
}

@Manual{python,
  Title                    = {Python},
  Note                     = {http://www.python.org/},
  Organization             = { Python Software Foundation},
  Year                     = {1991},

  Key                      = {Python},
  Url                      = {\verb+(http://www.python.org)+}
}


@Article{vanmaldeghem90,
  Title                    = {Automorphisms of nonclassical triangle buildings},
  Author                   = {Van Maldeghem, Hendrik},
  Journal                  = {Bull. Soc. Math. Belg. S\'er. B},
  Year                     = {1990},
  Number                   = {2},
  Pages                    = {201--237},
  Volume                   = {42}
}
